@ARTICLE{Figueredo:2009dg,
   author = {Figueredo, A.~J. and Wolf, P. S.~A.},
   title = {Assortative pairing and life history strategy - a cross-cultural study.},
   journal = {Human Nature},
   volume = {20},
   pages = {317-330},
   year = {2009}
}

@inproceedings{MBT,
  author    = {Jan Tretmans},
  title     = {Model Based Testing with Labelled Transition Systems},
  booktitle = {Formal Methods and Testing},
  year      = {2008},
  pages     = {1-38},
  ee        = {http://dx.doi.org/10.1007/978-3-540-78917-8_1},
  bibsource = {DBLP, http://dblp.uni-trier.de}
}

@inproceedings{REF,
  author    = {Machiel van der Bijl and
               Arend Rensink and
               Jan Tretmans},
  title     = {Action Refinement in Conformance Testing},
  booktitle = {TestCom},
  year      = {2005},
  pages     = {81-96},
  ee        = {http://dx.doi.org/10.1007/11430230_7},
  bibsource = {DBLP, http://dblp.uni-trier.de}
}

@inproceedings{hypothesis,
  author    = {G.Bernot, M. G. Gaudel and B.Marre},
  title     = {Software testing based on formal specifications: a theory and a tool.},
  booktitle = {Software Engineering Journal},
  year      = {2008},
  month		= {November},
}


@book{TVEDA,
    author    = "Roland Groz and Nathalie Risser",
    title     = "Eight years of experience in test generation from FDTs using TVEDA",
    publisher = "Springer",
    number   = "978-1-4757-5260-1",
    year      = "1997",
}

@mastersthesis{french,
    author    = "Phalippou",
    title     = "Relations d�Implantation et Hypoth�ses de Test sur des Automates � Entr�es et Sorties",
    school    = "L`Universit� de Bordeaux I",
    type     = "PhD thesis",
    address  = "France",
    year      = "1994",
}

@techreport{ action_refinement_roadmap,
	author	= "M. van der Bijl, A. Rensink, and J. Tretmans",
	title	= "Action refinement roadmap",
	type	= "Technical report",
	institution = "University of Twente",
	year	= "2004",
	note	= "URL: http://www.cs.utwente.nl/?vdbijl/papers"
}
@inproceedings{Tre95,
          eprintid = {6499},
            author = {G. J. {Tretmans}},
         num_pages = {16},
        pres_types = {Talk},
       ispublished = {Published},
            editor = {A. {Cavalli} and S. {Budkowski}},
              isbn = {not assigned},
           address = {Evry, France},
         publisher = {Institut National des T{\'e}l{\'e}communications},
      howpublished = {http://eprints.eemcs.utwente.nl/6499/},
          location = {Evry, France},
       event_dates = {4-6 Sept 1995},
        event_type = {Workshop},
   research_groups = {EWI-FMT: Formal Methods and Tools},
         booktitle = {Participants Proceedings of the Int. Workshop on Protocol Test Systems VIII --- COST 247 Session, Evry, France},
          refereed = {Yes},
             title = {Testing Labelled Transition Systems with Inputs and Outputs},
     international = {Yes},
             pages = {461--476},
              year = {1995}
}
@misc{cambridge_errors,
      author = "Cambridge University",
      title = "Cambridge University Study States Software Bugs Cost Economy \$312 Billion Per Year",
      year = "2013",
      url = "http://markets.financialcontent.com/stocks/news/read/23147130/Cambridge_University_Study_States_Software_Bugs_Cost_Economy_$312_Billion_Per_Year",
      note = "{\small URL: http://markets.financialcontent.com/stocks/news/read/23147130/\\Cambridge\_University\_Study\_States\_Software\_Bugs\_Cost\\\_Economy\_\$312\_Billion\_Per\_Year}"
}
@misc{monkey,
      author = "",
      title = "Infinite monkey effect",
      year = "",
      url = "http://en.wikipedia.org/wiki/Infinite_monkey_theorem",
      note = ""
}

@misc{presentation,
	author = "Brian Nielsen",
	title = "LTS Based Testing",
	year = "",
	note = "Presentation",
	institution = "Aalborg University"
	}

@misc{nist,
      author = "Department ofg Commerce's National Institute of Standards and Technology (NIST)",
      title = "Software Errors Cost U.S. Economy \$59.5 Billion Annually",
      day = "28",
      month = "June",
      year = "2002",
      url = "http://www.abeacha.com/NIST_press_release_bugs_cost.htm",
      note = "{\small URL: http://www.abeacha.com/NIST\_press\_release\_bugs\_cost.htm}"
}
